@article{balaban_1985,
  title={Chemical graphs. XLI. Numbers of conjugated circuits and Kekul{\'e} structures for zigzag catafusenes and (j, k)-hexes; generalized Fibonacci numbers},
  author={Balaban, AT and Tomescu, I},
  journal={Match},
  volume={17},
  pages={91--120},
  year={1985}
}

@ARTICLE {basic2017,
  author = "Ba\v{s}i\'{c}, N. and Fowler, P. W. and Pisanski, T.", 
  title = "Stratified Enumeration of Convex Benzenoids",
  year = "2017",
  journal = "submitted"
}

@ARTICLE {basic2017a,
  author = "Ba\v{s}i\'{c}, N.", 
  title = "Infinite Convex Benzenoids",
  year = "2017",
  journal = "submitted"
}

@article {CruGutRad12,
    AUTHOR = {Cruz, Roberto and Gutman, Ivan and Rada, Juan},
     TITLE = {Convex hexagonal systems and their topological indices},
   JOURNAL = {MATCH Commun. Math. Comput. Chem.},
  FJOURNAL = {MATCH. Communications in Mathematical and in Computer
              Chemistry},
    VOLUME = {68},
      YEAR = {2012},
    NUMBER = {1},
     PAGES = {97--108},
      ISSN = {0340-6253},
   MRCLASS = {05C90 (05C12)},
  MRNUMBER = {2986473},
}

@article{cyvin_1985,
  title={Number of Kekul{\'e} structures of Five-Tier strips},
  author={Cyvin, SJ and Cyvin, BN and Gutman, I},
  journal={Zeitschrift f{\"u}r Naturforschung A},
  volume={40},
  number={12},
  pages={1253--1261},
  year={1985}
}

@article{cyvin_1985chev,
  title={Enumeration of kekul{\'e} structures: Chevrons},
  author={Cyvin, SJ},
  journal={Journal of Molecular Structure: THEOCHEM},
  volume={133},
  pages={211--219},
  year={1985},
  publisher={Elsevier}
}

@article{cyvin_1986,
	title = {The number of {Kekulé} structures of hexagon-shaped benzenoids and members of other related classes},
	volume = {117},
	number = {1},
	journal = {Monatshefte für Chemie/Chemical Monthly},
	author = {Cyvin, Sven J.},
	year = {1986},
	pages = {33--45}
}

@article{cyvin_1986enum,
  title={Enumeration of Kekule Structures-Pentagon-Shaped Benzenoids-Part I},
  author={Cyvin, BN and Cyvin, SJ and Brunvoll, J},
  journal={Match},
  volume={21},
  pages={291},
  year={1986},
  publisher={Max-Planck-Institut f{\"u}r Kohlenforschung, Institut f{\"u}r Strahlenchemie.}
}

@article{cyvin_1986number,
  title={The number of {Kekul\'{e}} structures of hexagon-shaped benzenoids and members of other related classes},
  author={Cyvin, Sven J},
  journal={Monatshefte f{\"u}r Chemie/Chemical Monthly},
  volume={117},
  number={1},
  pages={33--45},
  year={1986},
  publisher={Springer}
}

@article{cyvin_1986sym,
  title={Kekul{\'e} structures and their symmetry properties},
  author={Cyvin, SJ and Gutman, I},
  journal={Computers \& Mathematics with Applications},
  volume={12},
  number={3-4},
  pages={859--876},
  year={1986},
  publisher={Elsevier}
}

@article{cyvin_1987,
  title={Enumeration of kekul{\'e} structures: Prolate pentagons},
  author={Cyvin, SJ and Cyvin, BN},
  journal={Journal of Molecular Structure: THEOCHEM},
  volume={152},
  number={3-4},
  pages={347--350},
  year={1987},
  publisher={Elsevier}
}

@book{cyvin_1988,
	address = {Berlin, Heidelberg},
	series = {Lecture {Notes} in {Chemistry}},
	title = {Kekul\'{e} {Structures} in {Benzenoid} {Hydrocarbons}},
	volume = {46},
	isbn = {978-3-540-18801-8 978-3-662-00892-8},
	url = {http://link.springer.com/10.1007/978-3-662-00892-8},
	urldate = {2017-11-17},
	publisher = {Springer Berlin Heidelberg},
	author = {Cyvin, S. J. and Gutman, I.},
	year = {1988},
	note = {DOI: 10.1007/978-3-662-00892-8}
}

@book{cyvin_2013,
  title={Kekul{\'e} structures in benzenoid hydrocarbons},
  author={Cyvin, Sven J and Gutman, Ivan},
  volume={46},
  year={2013},
  publisher={Springer Science \& Business Media}
}

@article{gapurenko_2011,
	title = {Carbon and silicon triangulenes: searching for molecular magnets},
	volume = {60},
	shorttitle = {Carbon and silicon triangulenes},
	number = {8},
	journal = {Russian Chemical Bulletin},
	author = {Gapurenko, O. A. and Starikov, A. G. and Minyaev, R. M. and Minkin, V. I.},
	year = {2011},
	pages = {1517--1524}
}

@article{gordon_1952,
  title={Theory of resonance topology of fully aromatic hydrocarbons. I},
  author={Gordon, M and Davison, WHT},
  journal={The Journal of Chemical Physics},
  volume={20},
  number={3},
  pages={428--435},
  year={1952},
  publisher={AIP}
}

@ARTICLE {guo2002,
  author = "Xiaofeng Guo and Pierre Hansen and Maolin Zheng",
  title = "Boundary uniqueness of fusenes",
  journal = "Disc. Appl. Math.",
  fjournal = "Discrete Applied Mathematics",
  volume = 118,
  year = 2002,
  number = 3,
  pages = "209--222",
  issn = "0166-218X",
  url = "http://www.sciencedirect.com/science/article/pii/S0166218X01001809",
}

@article{gutman_1987,
  title={Topological properties of benzenoid systems. XXXV. Number ofKekul{\'e} structures of multiple-chain aromatics},
  author={Gutman, Ivan and Cyvin, Sven J},
  journal={Monatshefte f{\"u}r Chemie/Chemical Monthly},
  volume={118},
  number={5},
  pages={541--552},
  year={1987},
  publisher={Springer}
}

@BOOK {gutman1989,
  title = "Introduction to the theory of benzenoid hydrocarbons",
  author = "Gutman, I. and Cyvin, S. J.",
  year = 1989,
  publisher = "Springer-Verlag"
}

@article{hajgato_2012,
	title = {Quenching of magnetism in hexagonal graphene nanoflakes by non-local electron correlation},
	volume = {553},
	issn = {00092614},
	url = {http://linkinghub.elsevier.com/retrieve/pii/S0009261412011645},
	doi = {10.1016/j.cplett.2012.10.015},
	language = {en},
	urldate = {2017-11-17},
	journal = {Chemical Physics Letters},
	author = {Hajgató, Balázs and Deleuze, Michael S.},
	month = nov,
	year = {2012},
	pages = {6--10}
}

@ARTICLE {hansen1996,
  title = "The boundary-edges code for polyhexes",
  author = "Hansen, P. and Lebatteux, C. and Zheng, M.",
  journal = "J. Mol. Struct. (Theochem)",
  fjournal = "Journal of Molecular Structure: THEOCHEM",
  volume = 363,
  number = 2,
  year = 1996,
  pages = "237--247"
}

@article{karimi_2010,
	title = {A combinatorial/geometric analysis of convex cyclofusene},
	volume = {47},
	issn = {0259-9791, 1572-8897},
	url = {http://link.springer.com/10.1007/s10910-009-9538-0},
	doi = {10.1007/s10910-009-9538-0},
	language = {en},
	number = {1},
	urldate = {2017-11-17},
	journal = {Journal of Mathematical Chemistry},
	author = {Karimi, Sasan and Delgado, Anthony and Lewinter, Marty},
	month = jan,
	year = {2010},
	pages = {167--173}
}

@article{karimi_2012,
	title = {A combinatorial/geometric analysis of parallelogram-like benzenoids},
	volume = {50},
	issn = {0259-9791, 1572-8897},
	url = {http://link.springer.com/10.1007/s10910-011-9933-1},
	doi = {10.1007/s10910-011-9933-1},
	language = {en},
	number = {4},
	urldate = {2017-11-17},
	journal = {Journal of Mathematical Chemistry},
	author = {Karimi, Sasan and Delgado, Anthony and Lewinter, Marty},
	month = apr,
	year = {2012},
	pages = {904--913}
}

@article{kovic_2014,
	title = {On symmetries of benzenoid systems},
	volume = {72},
	number = {1},
	journal = {MATCH Commun. Math. Comput. Chem},
	author = {Kovič, Jurij and Pisanski, Tomaž and Balaban, A. T. and Fowler, P. W.},
	year = {2014},
	pages = {3--26}
}

@article{tosic_1989,
	title = {Enumeration of {Kekulé} structures in benzenoid hydrocarbons:“flounders”},
	volume = {3},
	shorttitle = {Enumeration of {Kekulé} structures in benzenoid hydrocarbons},
	number = {4},
	journal = {Journal of mathematical chemistry},
	author = {Tošić, R. and Cyvin, S. J.},
	year = {1989},
	pages = {393--401}
}

@article{wang_2009,
	title = {Topological {Frustration} in {Graphene} {Nanoflakes}: {Magnetic} {Order} and {Spin} {Logic} {Devices}},
	volume = {102},
	issn = {0031-9007, 1079-7114},
	shorttitle = {Topological {Frustration} in {Graphene} {Nanoflakes}},
	url = {https://link.aps.org/doi/10.1103/PhysRevLett.102.157201},
	doi = {10.1103/PhysRevLett.102.157201},
	language = {en},
	number = {15},
	urldate = {2017-11-17},
	journal = {Physical Review Letters},
	author = {Wang, Wei L. and Yazyev, Oleg V. and Meng, Sheng and Kaxiras, Efthimios},
	month = apr,
	year = {2009}
}

@article{yen_1971,
  title={Resonance topology of polynuclear aromatic hydrocarbons},
  author={Yen, Teh Fu},
  journal={Theoretica chimica acta},
  volume={20},
  number={4},
  pages={399--404},
  year={1971},
  publisher={Springer}
}

@article{zhang_1986,
  title={On kekule structure count of hexagonal systems},
  author={Fuji, Zhang and Rongsi, Chen},
  journal={Journal of Xinjiang University (Natural Science Edition)},
  volume={3},
  pages={002},
  year={1986}
}

@article{zhao_2016,
	title = {Forcing polynomials of benzenoid parallelogram and its related benzenoids},
	volume = {284},
	issn = {00963003},
	url = {http://linkinghub.elsevier.com/retrieve/pii/S0096300316302004},
	doi = {10.1016/j.amc.2016.03.008},
	language = {en},
	urldate = {2017-11-17},
	journal = {Applied Mathematics and Computation},
	author = {Zhao, Shuang and Zhang, Heping},
	month = jul,
	year = {2016},
	pages = {209--218}
}